@misc{github,
  author={NVlabs},
  title={Eg3d},
  year={2021},
  url={https://github.com/NVlabs/eg3d/blob/main/docs/models.md}
}

@inproceedings{StyleGAN2,
  author = {Tero Karras and Samuli Laine and Miika Aittala and Janne Hellsten and Jaakko Lehtinen and Timo Aila},
  title = {Analyzing and improving the image quality of StyleGAN},
  booktitle = {IEEE Conference on Computer Vision and Pattern Recognition (CVPR)},
  year = {2020},
  pages = {1, 3, 4, 7, 8}
}

@misc{gitcommit,
  author={Shantnav Agarwal},
  title={Eg3d},
  year={2024},
  url={https://github.com/shantnavagarwal/eg3d/commit/20425ef0217f8f259b4207a412048dc4b46db545}
}


@inproceedings{chan2022efficient,
  title={Efficient geometry-aware 3d generative adversarial networks},
  author={Chan, Eric R and Lin, Connor Z and Chan, Matthew A and Nagano, Koki and Pan, Boxiao and De Mello, Shalini and Gallo, Orazio and Guibas, Leonidas J and Tremblay, Jonathan and Khamis, Sameh and others},
  booktitle={Proceedings of the IEEE/CVF conference on computer vision and pattern recognition},
  pages={16123--16133},
  year={2022}
}

